@article{Robshaw.1995,
  title={Stream ciphers},
  author={Robshaw, Matthew JB},
  journal={RSA Labratories},
  volume={25},
  year={1995},
  publisher={Citeseer},
  url = {http://www.networkdls.com/Articles/tr-701.pdf},
  urldate = {2022-04-29}
}
@inproceedings{coppersmith1993shrinking,
  title={The shrinking generator},
  author={Coppersmith, Don and Krawczyk, Hugo and Mansour, Yishay},
  booktitle={Annual International Cryptology Conference},
  pages={22--39},
  year={1993},
  organization={Springer}
}
% This file was created with Citavi 5.7.1.0

@book{.,
 title = {EBOOK PACKAGE Engineering, Computer Sciences 2018 : EBOOK PACKAGE COMPLETE 2018},
 keywords = {Sammelwerk},
 address = {Berlin and Boston},
 publisher = {{De Gruyter}},
 isbn = {9783110603255},
 series = {De Gruyter Studium}
}


@proceedings{.2019,
 year = {2019},
 publisher = {{AIP Publishing}},
 series = {AIP Conference Proceedings}
}


@book{Beth.1985,
 year = {1985},
 title = {Advances in Cryptology},
 address = {Berlin, Heidelberg},
 publisher = {{Springer Berlin Heidelberg}},
 isbn = {978-3-540-16076-2},
 series = {Lecture Notes in Computer Science},
 editor = {Beth, Thomas and Cot, Norbert and Ingemarsson, Ingemar},
 doi = {10.1007/3-540-39757-4}
}


@incollection{Beth.1985b,
 author = {Beth, T. and Piper, F. C.},
 title = {The Stop-and-Go-Generator},
 pages = {88--92},
 volume = {209},
 publisher = {{Springer Berlin Heidelberg}},
 isbn = {978-3-540-16076-2},
 series = {Lecture Notes in Computer Science},
 editor = {Beth, Thomas and Cot, Norbert and Ingemarsson, Ingemar},
 booktitle = {Advances in Cryptology},
 year = {1985},
 address = {Berlin, Heidelberg},
 doi = {10.1007/3-540-39757-4_9}
}


@book{Cusick.2009,
 abstract = {Boolean functions are the building blocks of symmetric cryptographic systems. Symmetrical cryptographic algorithms are fundamental tools in the design of all types of digital security systems (i.e. communications, financial and e-commerce).  Cryptographic Boolean Functions and Applications is a concise reference that shows how Boolean functions are used in cryptography. Currently, practitioners who need to apply Boolean functions in the design of cryptographic algorithms and protocols need to patch together needed information from a variety of resources (books, journal articles and other sources). This book compiles the key essential information in one easy to use, step-by-step reference.      Beginning with the basics of the necessary theory the book goes on to examine more technical topics, some of which are at the frontier of current research.  -Serves as a complete resource for the successful design or implementation of cryptographic algorithms or protocols using Boolean functions  -Provides engineers and scientists with a needed reference for the use of Boolean functions in cryptography  -Addresses the issues of cryptographic Boolean functions theory and applications in one concentrated resource.  -Organized logically to help the reader easily understand the topic



Boolean functions are the building blocks of symmetric cryptographic systems. Symmetrical cryptographic algorithms are fundamental tools in the design of all types of digital security systems (i.e. communications, financial and e-commerce). Cryptographic Boolean Functions and Applications is a concise reference that shows how Boolean functions are used in cryptography. Currently, practitioners who need to apply Boolean functions in the design of cryptographic algorithms and protocols need to patch together needed information from a variety of resources (books, journal articles and other sources). This book compiles the key essential information in one easy to use, step-by-step reference. Beginning with the basics of the necessary theory the book goes on to examine more technical topics, some of which are at the frontier of current research.-Serves as a complete resource for the successful design or implementation of cryptographic algorithms or protocols using Boolean functions -Provides engineers and scientists with a needed reference for the use of Boolean functions in cryptography -Addresses the issues of cryptographic Boolean functions theory and applications in one concentrated resource.-Organized logically to help the reader easily understand the topic},
 author = {Cusick, Thomas W. and Stănică, Pantelimon},
 year = {2009},
 title = {Cryptographic Boolean functions and applications},
 url = {http://site.ebrary.com/lib/alltitles/docDetail.action?docID=10286068},
 address = {Amsterdam and Boston},
 edition = {1st ed.},
 publisher = {{Academic Press/Elsevier}},
 isbn = {978-0-08-095222-2},
 institution = {{ScienceDirect (Online service)}}
}


@book{Eckert.2018,
 author = {Eckert, Claudia},
 year = {2018},
 title = {IT-Sicherheit: Konzepte - Verfahren - Protokolle},
 address = {Berlin/Boston},
 edition = {10th edition},
 publisher = {{De Gruyter}},
 isbn = {978-3-11-055158-7},
 doi = {10.1515/9783110563900}
}

@book{Ertel.2020,
 author = {Ertel, Wolfgang and L{\"o}hmann, Ekkehard},
 year = {2020},
 title = {Angewandte Kryptographie},
 address = {M{\"u}nchen},
 edition = {6th edition},
 publisher = {Hanser},
 isbn = {978-3-446-46353-0}
}

@book{Schneier.2006,
 author = {Schneier, Bruce},
 year = {2006},
 title = {Angewandte Kryptographie: Protokolle, Algorithmen und Sourcecode in C},
 address = {M{\"u}nchen},
 edition = {2nd edition},
 publisher = {{Pearson Studium}},
 isbn = {3-8273-7228-3}
}

@book{Golomb.1967,
 author = {Golomb, Solomon W.},
 year = {1967},
 title = {Shift register sequences: Secure and limited-access code generators, efficiency code generators, prescribed property generators, mathematical models},
 address = {San Francisco},
 edition = {1st edition},
 publisher = {{Holden-Day, Inc.}}
}


@book{Golomb.2017,
 author = {Golomb, Solomon W.},
 year = {2017},
 title = {Shift register sequences: Secure and limited-access code generators, efficiency code generators, prescribed property generators, mathematical models},
 address = {Singapore},
 edition = {3st edition},
 publisher = {{World Scientific}},
 isbn = {978-981-4632-02-7}
}

@article{Gong.2018,
 author = {Gong, Guang and Helleseth, Tor and Kumar, P. Vijay},
 year = {2018},
 title = {Solomon W. Golomb---Mathematician, Engineer, and Pioneer},
 urldate = {05-02-2022},
 pages = {2844--2857},
 volume = {64},
 number = {4},
 issn = {0018-9448},
 journal = {IEEE Transactions on Information Theory},
 doi = {10.1109/TIT.2018.2809497}
}

@book{Lidl.1986,
 author = {Lidl, Rudolf and Niederreiter, Harald},
 year = {1986},
 title = {Introduction to finite fields and their applications},
 address = {Cambridge},
 edition = {1st edition},
 publisher = {{Cambridge University Press}},
 isbn = {0-521-30706-6}
}

@book{Lidl.1997,
 author = {Lidl, Rudolf and Niederreiter, Harald},
 year = {1997},
 title = {Finite fields},
 address = {Cambridge},
 edition = {2nd edition},
 publisher = {{Cambridge University Press}},
 isbn = {978-0-521-06567-2},
 doi = {10.1017/CBO9780511525926}
}

@book{Menezes.2001,
 author = {Menezes, Alfred J. and {van Oorschot}, Paul C. and Vanstone, Scott A.},
 year = {2001},
 title = {Handbook of applied cryptography},
 address = {Boca Raton},
 edition = {rev. reprint with updates, 5. printing},
 publisher = {{CRC Press}},
 isbn = {0-8493-8523-7},
 series = {CRC Press series on discrete mathematics and its applications}
}

@inproceedings{Handayani.2019,
 author = {Handayani, F. and Adiati, N. P. R.},
 title = {Analysis of Geffe Generator LFSR properties on the application of algebraic attack},
 pages = {020029},
 publisher = {{AIP Publishing}},
 series = {AIP Conference Proceedings},
 year = {2019},
 doi = {10.1063/1.5132456}
}


@book{Klein.2013,
 author = {Klein, Andreas},
 year = {2013},
 title = {Stream ciphers},
 address = {London},
 publisher = {Springer},
 isbn = {9781447150787}
}


@article{Massey.1969,
 author = {Massey, J.},
 year = {1969},
 title = {Shift-register synthesis and BCH decoding},
 pages = {122--127},
 volume = {15},
 number = {1},
 issn = {0018-9448},
 journal = {IEEE Transactions on Information Theory},
 doi = {10.1109/TIT.1969.1054260}
}


@article{Meier.1992,
 author = {Meier, Willi and Staffelbach, Othmar},
 year = {1992},
 title = {Correlation properties of combiners with memory in stream ciphers},
 pages = {67--86},
 volume = {5},
 number = {1},
 issn = {0933-2790},
 journal = {Journal of Cryptology},
 doi = {10.1007/BF00191322}
}


@misc{Pommerening.2000,
 author = {Pommerening, Klaus},
 year = {2000},
 title = {Cryptology Part IV: Bitstream Ciphers},
 url = {https://www.staff.uni-mainz.de/pommeren/Cryptology/Bitstream/},
 urldate = {2022-05-13}
}


@article{Pommerening.2015,
 author = {Pommerening, Klaus},
 year = {2015},
 title = {Cryptanalysis of nonlinear feedback shift registers},
 urldate = {2022-05-13},
 pages = {303--315},
 volume = {40},
 number = {4},
 issn = {0161-1194},
 journal = {Cryptologia},
 doi = {10.1080/01611194.2015.1055385}
}


@book{Rueppel.1986,
 author = {Rueppel, Rainer A.},
 year = {1986},
 title = {Analysis and Design of Stream Ciphers},
 address = {Berlin and Heidelberg},
 edition = {1st edition},
 publisher = {Springer},
 isbn = {978-3-642-82865-2},
 series = {Communications and Control Engineering Series},
 doi = {10.1007/978-3-642-82865-2}
}


@incollection{Rueppel.1986b,
 author = {Rueppel, Rainer A.},
 title = {Correlation Immunity and the Summation Generator},
 url = {https://link.springer.com/content/pdf/10.1007/3-540-39799-X_20.pdf},
 urldate = {2022-05-15},
 pages = {260--272},
 volume = {218},
 publisher = {{Springer Berlin Heidelberg}},
 isbn = {978-3-540-16463-0},
 series = {Lecture Notes in Computer Science},
 editor = {Williams, Hugh C.},
 booktitle = {Advances in Cryptology --- CRYPTO '85 Proceedings},
 year = {1986},
 address = {Berlin, Heidelberg},
 doi = {10.1007/3-540-39799-X_20}
}


@article{Siegenthaler.1984,
 author = {Siegenthaler, T.},
 year = {1984},
 title = {Correlation-immunity of nonlinear combining functions for cryptographic applications (Corresp.)},
 pages = {776--780},
 volume = {30},
 number = {5},
 issn = {0018-9448},
 journal = {IEEE Transactions on Information Theory},
 doi = {10.1109/TIT.1984.1056949}
}


@book{Smart.2016,
 author = {Smart, Nigel P.},
 year = {2016},
 title = {Cryptography made simple},
 address = {Cham and Heidelberg and New York and Dordrecht and London},
 edition = {1st edition},
 publisher = {Springer},
 isbn = {978-3-319-21936-3},
 series = {Information security and cryptography}
}

@book{graves2010ceh,
  title={CEH certified ethical hacker study guide},
  author={Graves, Kimberly},
  year={2010},
  publisher={John Wiley \& Sons}
}

@book{Stamp.2007,
 author = {Stamp, Mark and Low, Richard M.},
 year = {2007},
 title = {Applied cryptanalysis: Breaking ciphers in the real world},
 address = {Hoboken, New Jersey},
 edition = {1st edition},
 publisher = {{Wiley-Interscience a John Wiley {\&} Sons Inc.}},
 isbn = {978-0-470-1-1486-5}
}

@article{Zhang.2014,
 author = {Zhang, Benny Y. and Gong, Guang},
 year = {2014},
 title = {Randomness properties of stream ciphers for wireless communications},
 urldate = {05-05-2022},
 pages = {107--109},
 journal = {The Sixth International Workshop on Signal Design and Its Applications in Communications},
 doi = {10.1109/IWSDA.2013.6849074}
}

@book{Schmeh.2016,
 author = {Schmeh, Klaus},
 year = {2016},
 title = {Kryptografie: Verfahren, Protokolle, Infrastrukturen},
 address = {Heidelberg},
 edition = {6th edition},
 publisher = {dpunkt.verlag},
 isbn = {978-3-86490-356-4}
}


@book{Williams.1986,
 year = {1986},
 title = {Advances in Cryptology --- CRYPTO '85 Proceedings},
 address = {Berlin, Heidelberg},
 publisher = {{Springer Berlin Heidelberg}},
 isbn = {978-3-540-16463-0},
 series = {Lecture Notes in Computer Science},
 editor = {Williams, Hugh C.},
 doi = {10.1007/3-540-39799-X}
}


@phdthesis{Wu.2008,
 author = {Wu, Hongjun},
 year = {2008},
 title = {Cryptanalysis and Design of Stream Ciphers},
 url = {https://www.esat.kuleuven.be/cosic/publications/thesis-167.pdf},
 urldate = {2022-04-25},
 publisher = {KATHOLIEKE UNIVERSITEIT LEUVEN}
}

@incollection{vonNeumann1951,
title     = {Various Techniques Used in Connection with Random Digits},
author    = {von Neumann, John},
booktitle = {Monte Carlo Method},
editor    = {Householder, A.~S. and Forsythe, G.~E. and Germond, H.~H.},
series    = {National Bureau of Standards Applied Mathematics Series},
volume    = {12},
chapter   = {13},
pages     = {36-38},
year      = {1951},
publisher = {US Government Printing Office},
address   = {Washington, DC},
}

@book{Baumslag.2015,
 author = {Baumslag, Gilbert and Fine, Benjamin and Kreuzer, Martin and Rosenberger, Gerhard},
 year = {2015},
 title = {A course in mathematical cryptography},
 address = {Berlin/Boston},
 edition = {1st edition},
 publisher = {{De Gruyter}},
 isbn = {978-3-11-037276-2},
 series = {De Gruyter Textbook}
}


@book{Beutelspacher.2005,
 abstract = {Kryptografie hat sich in j{\"u}ngster Zeit als eine Wissenschaft gezeigt, bei der mathematische Methoden mit besonderem Erfolg eingesetzt werden k{\"o}nnen. Das Buch stellt die gesamte Kryptografie unter diesem Aspekt vor: Grundlagen und Anwendungen, Versch{\"u}sselung und Authentifikation, symmetrische Algorithmen und Public-Key-Verfahren werden entsprechend ihrer Wichtigkeit pr{\"a}sentiert. Das Buch hat den Umfang einer 2-semestrigen Vorlesung, aufgrund seiner klaren Darstellung eignet es sich aber auch hervorragend zum Selbststudium. Zahlreiche {\"U}bungsaufgaben von unterschiedlichem Schwierigkeitsgrad dienen zur Kontrolle des Verst{\"a}ndnisses},
 author = {Beutelspacher, Albrecht and Neumann, Heike B. and Schwarzpaul, Thomas},
 year = {2005},
 title = {Kryptografie in Theorie und Praxis: Mathematische Grundlagen f{\"u}r elektronisches Geld, Internetsicherheit und Mobilfunk},
 address = {Wiesbaden},
 edition = {1st edition},
 publisher = {{Vieweg+Teubner Verlag}},
 isbn = {3-528-03168-9},
 doi = {10.1007/978-3-322-93902-9}
}

@incollection{robshaw2008estream,
	title={The eSTREAM project},
	author={Robshaw, Matthew},
	booktitle={New Stream Cipher Designs},
	pages={1--6},
	year={2008},
	publisher={Springer}
}

@incollection{canniere2008estream,
	title={eSTREAM Software Performance},
	author={Canni{\`e}re, Christophe De},
	booktitle={New Stream Cipher Designs},
	pages={119--139},
	year={2008},
	publisher={Springer}
}

@incollection{good2008asic,
	title={ASIC hardware performance},
	author={Good, Tim and Benaissa, Mohammed},
	booktitle={New stream cipher designs},
	pages={267--293},
	year={2008},
	publisher={Springer}
}

@article{jiao2020stream,
	title={Stream cipher designs: a review},
	author={Jiao, Lin and Hao, Yonglin and Feng, Dengguo},
	journal={Science China Information Sciences},
	volume={63},
	number={3},
	pages={1--25},
	year={2020},
	publisher={Springer}
}

@incollection{berbain2008sosemanuk,
	title={Sosemanuk, a fast software-oriented stream cipher},
	author={Berbain, C{\^o}me and Billet, Olivier and Canteaut, Anne and Courtois, Nicolas and Gilbert, Henri and Goubin, Louis and Gouget, Aline and Granboulan, Louis and Lauradoux, C{\'e}dric and Minier, Marine and others},
	booktitle={New stream cipher designs},
	pages={98--118},
	year={2008},
	publisher={Springer}
}
@article{tsunoo2006evaluation,
	title={Evaluation of SOSEMANUK with regard to guess-and-determine attacks},
	author={Tsunoo, Yukiyasu and Saito, Teruo and Shigeri, Maki and Suzaki, Tomoyasu and Ahmadi, Hadi and Eghlidos, Taraneh and Khazaei, Shahram},
	journal={SASC 2006 Stream Ciphers Revisited},
	pages={25},
	year={2006}
}

@incollection{boesgaard2008rabbit,
title={The rabbit stream cipher},
author={Boesgaard, Martin and Vesterager, Mette and Zenner, Erik},
booktitle={New stream cipher designs},
pages={69--83},
year={2008},
publisher={Springer}
}

@incollection{bernstein2008salsa20,
	title={The Salsa20 family of stream ciphers},
	author={Bernstein, Daniel J},
	booktitle={New stream cipher designs},
	pages={84--97},
	year={2008},
	publisher={Springer}
}

@inproceedings{lee2008cryptanalysis,
	title={Cryptanalysis of SOSEMANUK and SNOW 2.0 using linear masks},
	author={Lee, Jung-Keun and Lee, Dong Hoon and Park, Sangwoo},
	booktitle={International Conference on the Theory and Application of Cryptology and Information Security},
	pages={524--538},
	year={2008},
	organization={Springer}
}

@incollection{wu2008stream,
	title={The stream cipher HC-128},
	author={Wu, Hongjun},
	booktitle={New stream cipher designs},
	pages={39--47},
	year={2008},
	publisher={Springer}
}

@article{hell2007grain,
	title={Grain: a stream cipher for constrained environments},
	author={Hell, Martin and Johansson, Thomas and Meier, Willi},
	journal={International journal of wireless and mobile computing},
	volume={2},
	number={1},
	pages={86--93},
	year={2007},
	publisher={Inderscience Publishers}
}

@article{kuccuk2006slide,
	title={Slide resynchronization attack on the initialization of grain 1.0},
	author={K{\"u}{\c{c}}{\"u}k, {\"O}zg{\"u}l},
	journal={eSTREAM, ECRYPT Stream Cipher Project, Report},
	volume={44},
	pages={2006},
	year={2006}
}

@incollection{canniere2008trivium,
	title={Trivium},
	author={Canni{\`e}re, Christophe De and Preneel, Bart},
	booktitle={New stream cipher designs},
	pages={244--266},
	year={2008},
	publisher={Springer}
}

@inproceedings{fouque2013improving,
	title={Improving key recovery to 784 and 799 rounds of Trivium using optimized cube attacks},
	author={Fouque, Pierre-Alain and Vannet, Thomas},
	booktitle={International Workshop on Fast Software Encryption},
	pages={502--517},
	year={2013},
	organization={Springer}
}


@article{banik2015improved,
	title={Improved differential fault attack on MICKEY 2.0},
	author={Banik, Subhadeep and Maitra, Subhamoy and Sarkar, Santanu},
	journal={Journal of Cryptographic Engineering},
	volume={5},
	number={1},
	pages={13--29},
	year={2015},
	publisher={Springer}
}

@article{babbage2006stream,
	title={The stream cipher MICKEY 2.0},
	author={Babbage, Steve and Dodd, Matthew},
	journal={ECRYPT Stream Cipher},
	pages={191--209},
	year={2006},
	publisher={Springer Berlin/Heidelberg, Germany}
}

@article{potestad2020breaking,
	title={Breaking Trivium stream cipher implemented in ASIC using experimental attacks and DFA},
	author={Potestad-Ord{\'o}{\~n}ez, Francisco Eugenio and Valencia-Barrero, Manuel and Baena-Oliva, Carmen and Parra-Fern{\'a}ndez, Pilar and Jim{\'e}nez-Fern{\'a}ndez, Carlos Jes{\'u}s},
	journal={Sensors},
	volume={20},
	number={23},
	pages={6909},
	year={2020},
	publisher={Multidisciplinary Digital Publishing Institute}
}

@inproceedings{maximov2007two,
	title={Two trivial attacks on Trivium},
	author={Maximov, Alexander and Biryukov, Alex},
	booktitle={International Workshop on Selected Areas in Cryptography},
	pages={36--55},
	year={2007},
	organization={Springer}
}