% This file was created with Citavi 5.7.1.0

@book{Baumslag.2015,
 abstract = {{\textless}!doctype html public {\dq}{\dq}-//w3c//dtd html 4.0 transitional//en{\dq}{\dq}{\textgreater} {\textless}html{\textgreater}{\textless}head{\textgreater} {\textless}meta content={\dq}{\dq}text/html; charset=iso-8859-1{\dq}{\dq} http-equiv=content-type{\textgreater} {\textless}meta name=generator content={\dq}{\dq}mshtml 8.00.6001.23644{\dq}{\dq}{\textgreater}{\textless}/head{\textgreater} {\textless}body{\textgreater} {\textless}P{\textgreater}The subject of this book is mathematical cryptography. By this we mean the mathematics involved in cryptographic protocols. As the field has expanded, using both commutative and noncommutative algebraic objects as cryptographic platforms, a book describing and explaining all these mathematical methods is of immeasurable value.{\textless}/P{\textgreater}{\textless}/body{\textgreater}{\textless}/html{\textgreater}



The subject of this book is mathematical cryptography. By this we mean the mathematics involved in cryptographic protocols. As the field has expanded, using both commutative and noncommutative algebraic objects as cryptographic platforms, a book describing and explaining all these mathematical methods is of immeasurable value. Gilbert Baumslag ?; Benjamin Fine, Fairfield Uni;Martin Kreuzer, Uni of Passau; Gerhard Rosenberger, Uni of Hamburg.},
 author = {Baumslag, Gilbert and Fine, Benjamin and Kreuzer, Martin and Rosenberger, Gerhard},
 year = {2015},
 title = {A course in mathematical cryptography},
 address = {Berlin/Boston},
 edition = {1st edition},
 publisher = {{De Gruyter}},
 isbn = {978-3-11-037276-2},
 series = {De Gruyter Textbook}
}


@book{Beutelspacher.2005,
 abstract = {Kryptografie hat sich in j{\"u}ngster Zeit als eine Wissenschaft gezeigt, bei der mathematische Methoden mit besonderem Erfolg eingesetzt werden k{\"o}nnen. Das Buch stellt die gesamte Kryptografie unter diesem Aspekt vor: Grundlagen und Anwendungen, Versch{\"u}sselung und Authentifikation, symmetrische Algorithmen und Public-Key-Verfahren werden entsprechend ihrer Wichtigkeit pr{\"a}sentiert. Das Buch hat den Umfang einer 2-semestrigen Vorlesung, aufgrund seiner klaren Darstellung eignet es sich aber auch hervorragend zum Selbststudium. Zahlreiche {\"U}bungsaufgaben von unterschiedlichem Schwierigkeitsgrad dienen zur Kontrolle des Verst{\"a}ndnisses},
 author = {Beutelspacher, Albrecht and Neumann, Heike B. and Schwarzpaul, Thomas},
 year = {2005},
 title = {Kryptografie in Theorie und Praxis: Mathematische Grundlagen f{\"u}r elektronisches Geld, Internetsicherheit und Mobilfunk},
 address = {Wiesbaden},
 edition = {1st edition},
 publisher = {{Vieweg+Teubner Verlag}},
 isbn = {3-528-03168-9},
 doi = {10.1007/978-3-322-93902-9}
}


@book{Eckert.2018,
 author = {Eckert, Claudia},
 year = {2018},
 title = {IT-Sicherheit: Konzepte - Verfahren - Protokolle},
 address = {Berlin/Boston},
 edition = {10th edition},
 publisher = {{De Gruyter}},
 isbn = {978-3-11-055158-7},
 doi = {10.1515/9783110563900}
}


@book{Ertel.2020,
 author = {Ertel, Wolfgang and L{\"o}hmann, Ekkehard},
 year = {2020},
 title = {Angewandte Kryptographie},
 address = {M{\"u}nchen},
 edition = {6th edition},
 publisher = {Hanser},
 isbn = {978-3-446-46353-0}
}


@book{Golomb.1967,
 author = {Golomb, Solomon W.},
 year = {1967},
 title = {Shift register sequences: Secure and limited-access code generators, efficiency code generators, prescribed property generators, mathematical models},
 address = {San Francisco},
 edition = {1st edition},
 publisher = {{Holden-Day, Inc.}}
}


@book{Golomb.2017,
 author = {Golomb, Solomon W.},
 year = {2017},
 title = {Shift register sequences: Secure and limited-access code generators, efficiency code generators, prescribed property generators, mathematical models},
 address = {Singapore},
 edition = {3st edition},
 publisher = {{World Scientific}},
 isbn = {978-981-4632-02-7}
}


@article{Gong.2018,
 author = {Gong, Guang and Helleseth, Tor and Kumar, P. Vijay},
 year = {2018},
 title = {Solomon W. Golomb---Mathematician, Engineer, and Pioneer},
 urldate = {05-02-2022},
 pages = {2844--2857},
 volume = {64},
 number = {4},
 issn = {0018-9448},
 journal = {IEEE Transactions on Information Theory},
 doi = {10.1109/TIT.2018.2809497}
}


@book{Lidl.1986,
 author = {Lidl, Rudolf and Niederreiter, Harald},
 year = {1986},
 title = {Introduction to finite fields and their applications},
 address = {Cambridge},
 edition = {1st edition},
 publisher = {{Cambridge University Press}},
 isbn = {0-521-30706-6}
}


@book{Lidl.1997,
 abstract = {Ch. 1. Algebraic Foundations -- Ch. 2. Structure of Finite Fields -- Ch. 3. Polynomials over Finite Fields -- Ch. 4. Factorization of Polynomials -- Ch. 5. Exponential Sums -- Ch. 6. Equations over Finite Fields -- Ch. 7. Permutation Polynomials -- Ch. 8. Linear Recurring Sequences -- Ch. 9. Applications of Finite Fields -- Ch. 10. Tables



The theory of finite fields is a branch of algebra that has come to the fore because of its diverse applications in such areas as combinatorics, coding theory and the mathematical study of switching ciruits. This book is devoted entirely to the theory of finite fields, and it provides comprehensive coverage of the literature. Bibliographical notes at the end of each chapter give an historical survey of the development of the subject. Worked-out examples and lists of exercises found throughout the book make it useful as a text for advanced-level courses},
 author = {Lidl, Rudolf and Niederreiter, Harald},
 year = {1997},
 title = {Finite fields},
 address = {Cambridge},
 edition = {2nd edition},
 publisher = {{Cambridge University Press}},
 isbn = {978-0-521-06567-2},
 doi = {10.1017/CBO9780511525926}
}


@book{Menezes.2001,
 author = {Menezes, Alfred J. and {van Oorschot}, Paul C. and Vanstone, Scott A.},
 year = {2001},
 title = {Handbook of applied cryptography},
 address = {Boca Raton},
 edition = {rev. reprint with updates, 5. printing},
 publisher = {{CRC Press}},
 isbn = {0-8493-8523-7},
 series = {CRC Press series on discrete mathematics and its applications}
}


@book{Rueppel.1986,
 author = {Rueppel, Rainer A.},
 year = {1986},
 title = {Analysis and Design of Stream Ciphers},
 address = {Berlin and Heidelberg},
 edition = {1st edition},
 publisher = {Springer},
 isbn = {978-3-642-82867-6},
 series = {Communications and Control Engineering Series},
 doi = {10.1007/978-3-642-82865-2}
}


@book{Schmeh.2016,
 abstract = {Vorwort von Prof. Bernhard Esslinger -- Inhalts{\"u}bersicht -- Inhaltsverzeichnis -- 1 Einleitung -- 1.1 Kryptografie heute -- 1.2 Die sechste Ausgabe -- 1.2.1 Erste Ausgabe (1998) -- 1.2.2 Zweite Ausgabe (2001) -- 1.2.3 Dritte Ausgabe (2007) -- 1.2.4 Vierte Ausgabe (2009) -- 1.2.5 F{\"u}nfte Ausgabe (2013) -- 1.2.6 Sechste Ausgabe (2015) -- 1.3 Mein Bedauern, meine Bitten und mein Dank -- 2 Was ist Kryptografie und warum ist sie so wichtig? -- 2.1 The Name of the Game -- 2.1.1 Die kurze Antwort -- 2.1.2 Die lange Antwort -- 2.2 Die Kryptografie - ein wichtiges Teilgebiet -- 2.3 Warum ist die Kryptografie so wichtig? -- 2.3.1 Wirtschaftsspionage -- 2.3.2 Kommerz im Netz -- 2.3.3 Die Privatsph{\"a}re -- 2.3.4 Technik und Infrastrukturen -- 2.4 Anwendungen der Kryptografie -- 2.5 Und wer zum Teufel ist Alice? -- 3 Wie und vom wem Daten abgeh{\"o}rt werden -- 3.1 Mallory am {\"U}bertragungsmedium -- 3.1.1 Kupferkabel -- 3.1.2 Glasfaser -- 3.1.3 Drahtlose Daten{\"u}bertragung -- 3.1.4 Satellit -- 3.2 Mallory am Ger{\"a}t -- 3.2.1 Netzkomponenten -- 3.2.2 Mitlesen und Ver{\"a}ndern von Dateien -- 3.3 Mallory in Computernetzen -- 3.3.1 Telefon -- 3.3.2 LAN -- 3.3.3 DSL -- 3.3.4 Mobilfunk -- 3.3.5 WLANs -- 3.4 Mallory im Internet -- 3.4.1 ARP-Spoofing -- 3.4.2 Abh{\"o}rangriffe auf Router -- 3.4.3 IP-Spoofing -- 3.4.4 DNS-Spoofing -- 3.4.5 Mitlesen von E-Mails -- 3.4.6 URL-Spoofing -- 3.4.7 Abh{\"o}ren von Internettelefonie -- 3.5 Ein paar F{\"a}lle aus der Praxis -- 3.5.1 Mitgelesene E-Mails -- 3.5.2 Abgeh{\"o}rte Telefonate -- 3.6 Ist Kryptografie gef{\"a}hrlich? -- 3.6.1 Nachteile einer Krypto-Beschr{\"a}nkung -- 3.6.2 Vorteile einer Krypto-Beschr{\"a}nkung -- 3.6.3 Fazit -- 4 Klassische symmetrische Verschl{\"u}sselung -- 4.1 Symmetrische Verschl{\"u}sselung -- 4.1.1 Kryptografische Fachbegriffe -- 4.1.2 Angriffe auf Verschl{\"u}sselungsverfahren -- 4.2 Monoalphabetische Substitutionschiffren -- 4.2.1 Caesar-Chiffre



4.2.2 Freie Buchstabensubstitution -- 4.2.3 Homophone Chiffre -- 4.2.4 Bigramm-Substitution -- 4.2.5 Playfair-Chiffre -- 4.2.6 Nomenklatoren und W{\"o}rter-Codes -- 4.3 Polyalphabetische Substitutionschiffren -- 4.3.1 Vigen{\`e}re-Chiffre -- 4.3.2 Vernam-Chiffre -- 4.3.3 One-Time-Pad -- 4.4 Permutationschiffren -- 4.4.1 Kryptoanalyse von Permutationschiffren -- 4.4.2 Bedeutung von Permutationschiffren -- 4.5 Ber{\"u}hmte ungel{\"o}ste Verschl{\"u}sselungen -- 4.5.1 Das Voynich-Manuskript -- 4.5.2 Der Zettel des Somerton-Manns -- 4.5.3 Das Thouless-Kryptogramm -- 4.5.4 Weitere ungel{\"o}ste R{\"a}tsel -- 5 Die Enigma und andere Verschl{\"u}sselungsmaschinen -- 5.1 Verschl{\"u}sselungswerkzeuge -- 5.2 Rotorchiffren -- 5.2.1 Heberns Rotormaschine -- 5.2.2 Die Enigma -- 5.2.3 Weitere Rotor-Chiffriermaschinen -- 5.3 Weitere Verschl{\"u}sselungsmaschinen -- 5.3.1 Die Kryha-Maschine -- 5.3.2 Hagelin-Maschinen -- 5.3.3 Die Purple -- 5.3.4 Der Geheimschreiber -- 5.3.5 Die Lorenz-Maschine -- 5.3.6 Schl{\"u}sselger{\"a}t 41 (Hitler-M{\"u}hle) -- 6 Der Data Encryption Standard -- 6.1 DES-Grundlagen -- 6.2 Funktionsweise des DES -- 6.2.1 Die Rundenfunktion F -- 6.2.2 Die Schl{\"u}sselaufbereitung des DES -- 6.2.3 Entschl{\"u}sseln mit dem DES -- 6.3 Sicherheit des DES -- 6.3.1 Vollst{\"a}ndige Schl{\"u}sselsuche -- 6.3.2 Differenzielle und lineare Kryptoanalyse -- 6.3.3 Schwache Schl{\"u}ssel -- 6.4 Triple-DES -- 6.4.1 Doppel-DES -- 6.4.2 Triple-DES -- 6.5 DES-Fazit -- 7 Chiffren-Design -- 7.1 Sicherheits{\"u}berlegungen -- 7.1.1 M{\"o}gliche Schwachstellen -- 7.1.2 Sicherheit gegen{\"u}ber speziellen Angriffen -- 7.1.3 Die ideale Schl{\"u}ssell{\"a}nge -- 7.1.4 Hintert{\"u}ren -- 7.2 Weitere Designkriterien -- 7.3 Aufbau symmetrischer Verschl{\"u}sselungsverfahren -- 7.3.1 Linearit{\"a}t -- 7.3.2 Konfusion und Diffusion -- 7.3.3 Rundenprinzip -- 7.3.4 Schl{\"u}sselaufbereitung -- 8 Kryptoanalyse symmetrischer Verfahren -- 8.1 Differenzielle Kryptoanalyse



8.2 Lineare Kryptoanalyse -- 8.3 Kryptoanalyse mit Quantencomputern -- 8.4 Weitere Kryptoanalyse-Methoden -- 9 Symmetrische Verfahren, die vor dem AES entstanden sind -- 9.1 RC2 und RC5 -- 9.1.1 RC2 -- 9.1.2 RC5 -- 9.2 Blowfish -- 9.2.1 Funktionsweise von Blowfish -- 9.2.2 Schl{\"u}sselaufbereitung von Blowfish -- 9.2.3 Bewertung von Blowfish -- 9.3 IDEA und IDEA NXT -- 9.4 Skipjack -- 9.5 TEA -- 9.6 GOST -- 9.7 Weitere symmetrische Verfahren -- 10 Der Advanced Encryption Standard (AES) -- 10.1 Funktionsweise des AES -- 10.1.1 Rundenaufbau -- 10.1.2 Entschl{\"u}sselung mit dem AES -- 10.1.3 Schl{\"u}sselaufbereitung -- 10.2 Mathematische Betrachtung des AES -- 10.3 Sicherheit des AES -- 10.3.1 AES als algebraische Formel -- 10.3.2 Quadratische Kryptoanalyse -- 10.3.3 Biclique-Kryptoanalyse -- 10.3.4 Weitere Angriffe -- 10.4 Bewertung des AES -- 11 AES-Kandidaten -- 11.1 Serpent -- 11.1.1 Funktionsweise von Serpent -- 11.1.2 S-Box-Design -- 11.1.3 Schl{\"u}sselaufbereitung von Serpent -- 11.1.4 Bewertung von Serpent -- 11.2 Twofish -- 11.2.1 Funktionsweise von Twofish -- 11.2.2 Bewertung von Twofish -- 11.3 RC6 -- 11.3.1 Funktionsweise von RC6 -- 11.3.2 Schl{\"u}sselaufbereitung von RC6 -- 11.3.3 Bewertung von RC6 -- 11.4 MARS -- 11.5 SAFER -- 11.5.1 Funktionsweise von SAFER+ -- 11.5.2 Schl{\"u}sselaufbereitung von SAFER+ -- 11.5.3 Bewertung von SAFER+ -- 11.6 CAST -- 11.7 MAGENTA -- 11.8 Die restlichen AES-Kandidaten -- 11.9 Fazit -- 12 Symmetrische Verfahren, die nach dem AES entstanden sind -- 12.1 MISTY1, KASUMI und Camellia -- 12.1.1 MISTY1 -- 12.1.2 KASUMI -- 12.1.3 Camellia -- 12.2 Chiasmus und Libelle -- 12.2.1 Funktionsweise von Chiasmus -- 12.2.2 Libelle -- 12.3 CLEFIA -- 12.3.1 Funktionsweise von CLEFIA -- 12.3.2 Bewertung von CLEFIA -- 12.4 Schlanke Verschl{\"u}sselungsverfahren -- 12.4.1 SEA -- 12.4.2 PRESENT -- 12.4.3 Bewertung schlanker Verfahren



12.5 Tweak-Verfahren -- 12.5.1 Beispiele -- 12.5.2 Threefish -- 12.5.3 Bewertung von Tweak-Verfahren -- 12.6 Weitere symmetrische Verschl{\"u}sselungsverfahren -- 13 Asymmetrische Verschl{\"u}sselung -- 13.1 Ein bisschen Mathematik -- 13.1.1 Modulo-Rechnen -- 13.1.2 Einwegfunktionen und Fallt{\"u}rfunktionen -- 13.2 Der Diffie-Hellman-Schl{\"u}sselaustausch -- 13.2.1 Funktionsweise von Diffie-Hellman -- 13.2.2 MQV -- 13.3 RSA -- 13.3.1 Funktionsweise des RSA-Verfahrens -- 13.3.2 Ein Beispiel -- 13.3.3 Sicherheit des RSA-Verfahrens -- 13.3.4 RSA und der Chinesische Restsatz -- 13.4 Symmetrisch und asymmetrisch im Zusammenspiel -- 13.4.1 Unterschiede zwischen symmetrisch und asymmetrisch -- 13.4.2 Hybridverfahren -- 14 Digitale Signaturen -- 14.1 Was ist eine digitale Signatur? -- 14.2 RSA als Signaturverfahren -- 14.2.1 Funktionsweise -- 14.2.2 Sicherheit von RSA-Signaturen -- 14.3 Signaturen auf Basis des diskreten Logarithmus -- 14.3.1 ElGamal-Verfahren -- 14.3.2 DSA -- 14.3.3 Weitere DLSSs -- 14.4 Unterschiede zwischen DLSSs und RSA -- 14.5 Weitere Signatur-Verfahren -- 15 Weitere asymmetrische Krypto-Verfahren -- 15.1 Krypto-Systeme auf Basis elliptischer Kurven -- 15.1.1 Elliptische Kurven -- 15.1.2 ECC-Verfahren -- 15.1.3 Die wichtigsten ECC-Verfahren -- 15.1.4 Beispiel-Kurven -- 15.1.5 Montgomery- und Edwards-Kurven -- 15.2 NTRU -- 15.2.1 Mathematische Grundlagen -- 15.2.2 Funktionsweise von NTRU -- 15.2.3 Bewertung von NTRU -- 15.3 XTR -- 15.4 Krypto-Systeme auf Basis hyperelliptischer Kurven -- 15.5 HFE -- 15.5.1 Mathematische Grundlagen -- 15.5.2 Das Verfahren -- 15.5.3 Bewertung von HFE -- 15.6 McEliece-Verfahren -- 15.7 Weitere asymmetrische Verfahren -- 16 Kryptografische Hashfunktionen -- 16.1 Was ist eine kryptografische Hashfunktion? -- 16.1.1 Nichtkryptografische Hashfunktionen -- 16.1.2 Kryptografische Hashfunktionen



16.1.3 Angriffe auf kryptografische Hashfunktionen -- 16.2 SHA-1 -- 16.2.1 Funktionsweise von SHA-1 -- 16.2.2 Bewertung von SHA-1 -- 16.3 SHA-2 -- 16.3.1 SHA-256 -- 16.3.2 SHA-224 -- 16.3.3 SHA-512 -- 16.3.4 SHA-384 -- 16.3.5 SHA-512/224 und SHA-512/256 -- 16.3.6 Bewertung von SHA-2 -- 16.4 MD4 -- 16.5 MD5 -- 16.6 RIPEMD-160 -- 16.6.1 Funktionsweise von RIPEMD-160 -- 16.6.2 Bewertung von RIPEMD-160 -- 17 Weitere kryptografische Hashfunktionen -- 17.1 Tiger -- 17.1.1 Funktionsweise von Tiger -- 17.1.2 Bewertung von Tiger -- 17.2 WHIRLPOOL -- 17.2.1 Funktionsweise von WHIRLPOOL -- 17.2.2 Das Verschl{\"u}sselungsverfahren W -- 17.2.3 Bewertung von WHIRLPOOL -- 17.3 SHA-3 (Keccak) -- 17.3.1 Funktionsweise von Keccak -- 17.4 Hashfunktionen aus Verschl{\"u}sselungsverfahren -- 17.4.1 Variante 1 -- 17.4.2 Variante 2 -- 17.4.3 Variante 3 und 4 -- 17.4.4 Fazit -- 17.5 Hashfunktionen aus Tweak-Verfahren -- 17.6 Weitere kryptografische Hashfunktionen -- 18 Weitere Anwendungen kryptografischer Hashfunktionen -- 18.1 Schl{\"u}sselabh{\"a}ngige Hashfunktionen -- 18.1.1 Anwendungsbereiche schl{\"u}sselabh{\"a}ngiger Hashfunktionen -- 18.1.2 Die wichtigsten schl{\"u}sselabh{\"a}ngigen Hashfunktionen -- 18.1.3 Fazit -- 18.2 Hashb{\"a}ume -- 18.3 Hash-Signaturverfahren -- 18.3.1 Lamport-Diffie-Einmal-Signaturverfahren -- 18.3.2 Merkle-Signaturverfahren -- 18.3.3 Bewertung von Hash-Signaturverfahren -- 18.4 K{\"u}nstliche Verz{\"o}gerungen durch Hashfunktionen -- 18.5 Weitere Anwendungen kryptografischer Hashfunktionen -- 19 Kryptografische Zufallsgeneratoren -- 19.1 Zufallszahlen in der Kryptografie -- 19.1.1 Anforderungen der Kryptografie -- 19.1.2 Echte Zufallsgeneratoren -- 19.1.3 Pseudozufallsgeneratoren -- 19.1.4 Die Grauzone zwischen echt und pseudo -- 19.1.5 Mischen von Zufallsquellen -- 19.2 Die wichtigsten Pseudozufallsgeneratoren -- 19.2.1 Kryptografische Hashfunktionen als Fortschaltfunktion



19.2.2 Schl{\"u}sselabh{\"a}ngige Hashfunktionen als Fortschaltfunktion},
 author = {Schmeh, Klaus},
 year = {2016},
 title = {Kryptografie: Verfahren, Protokolle, Infrastrukturen},
 address = {Heidelberg},
 edition = {6th edition},
 publisher = {dpunkt.verlag},
 isbn = {978-3-86490-356-4}
}


@book{Schneier.2006,
 author = {Schneier, Bruce},
 year = {2006},
 title = {Angewandte Kryptographie: Protokolle, Algorithmen und Sourcecode in C},
 address = {M{\"u}nchen},
 edition = {2nd edition},
 publisher = {{Pearson Studium}},
 isbn = {3-8273-7228-3}
}


@book{Smart.2016,
 author = {Smart, Nigel P.},
 year = {2016},
 title = {Cryptography made simple},
 address = {Cham and Heidelberg and New York and Dordrecht and London},
 edition = {1st edition},
 publisher = {Springer},
 isbn = {978-3-319-21936-3},
 series = {Information security and cryptography}
}


@book{Stamp.2007,
 abstract = {4.6.2 Akelarre Attack -- 4.6.3 Improved Akelarre? -- 4.7 FEAL -- 4.7.1 FEAL-4 Cipher -- 4.7.2 FEAL-4 Differential Attack -- 4.7.3 FEAL-4 Linear Attack -- 4.7.4 Confusion and Diffusion -- 4.8 Summary -- 4.9 Problems -- 5. Hash Functions -- 5.1 Introduction -- 5.2 Birthdays and Hashing -- 5.2.1 The Birthday Problem -- 5.2.2 Birthday Attacks on Hash Functions -- 5.2.3 Digital Signature Birthday Attack -- 5.2.4 Nostradamus Attack -- 5.3 MD4 -- 5.3.1 MD4 Algorithm -- 5.3.2 MD4 Attack -- 5.3.3 A Meaningful Collision -- 5.4 MD5 -- 5.4.1 MD5 Algorithm -- 5.4.2 A Precise Differential -- 5.4.3 Outline of Wang?s Attack -- 5.4.4 Wang's MD5 Differentials -- 5.4.5 Reverse Engineering Wang's Attack -- 5.4.6 Stevens' Attack -- 5.4.7 A Practical Attack -- 5.5 Summary -- 5.6 Problems -- 6. Public Key Systems -- 6.1 Introduction -- 6.2 Merkle-Hellman Knapsack -- 6.2.1 Lattice-Reduction Attack -- 6.2.2 Knapsack Conclusion -- 6.3 Diffie-Hellman Key Exchange -- 6.3.1 Man-in-the-Middle Attack -- 6.3.2 Diffie-Hellman Conclusion -- 6.4 Arithmetica Key Exchange -- 6.4.1 Hughes-Tannenbaum Length Attack -- 6.4.2 Arithmetica Conclusion -- 6.5 RSA -- 6.5.1 Mathematical Issues -- 6.5.2 RSA Conclusion -- 6.6 Rabin Cipher -- 6.6.1 Chosen Ciphertext Attack -- 6.6.2 Rabin Cryptosystem Conclusion -- 6.7 NTRU Cipher -- 6.7.1 Meet-in-the-Middle Attack -- 6.7.2 Multiple Transmission Attack -- 6.7.3 Chosen Ciphertext Attack -- 6.7.4 NTRU Conclusion -- 6.8 ElGamal Signature Scheme -- 6.8.1 Mathematical Issues -- 6.8.2 ElGamal Signature Conclusion -- 6.9 Summary -- 6.10 Problems -- 7. Public Key Attacks -- 7.1 Introduction -- 7.2 Factoring Algorithms -- 7.2.1 Trial Division -- 7.2.2 {\textless}st1:City w:st={\dq}on{\dq}{\textgreater}{\textless}st1:place w:st={\dq}on{\dq}{\textgreater}Dixon{\textless}/st1:place{\textgreater}{\textless}/st1:City{\textgreater}'s Algorithm -- 7.2.3 Quadratic Sieve -- 7.2.4 Factoring Conclusions -- 7.3 Discrete Log Algorithms -- 7.3.1 Trial Multiplication -- 7.3.2 Baby-Step Giant-Step -- 7.3.3 Index Calculus



7.3.4 Discrete Log Conclusions -- 7.4 RSA Implementation Attacks -- 7.4.1 Timing Attacks -- 7.4.2 Glitching Attack -- 7.4.3 Implementation Attacks Conclusions -- 7.5 Summary -- 7.6 Problems -- Appendix -- A-1 MD5 Tables -- A-2 Math -- A-2.1 Number Theory -- A-2.2 Group Theory -- A-2.3 Ring Theory -- A-2.4 Linear Algebra -- Annotated Bibliography -- Index



Preface -- About The Authors -- Acknowledgments -- 1. Classic Ciphers -- 1.1 Introduction -- 1.2 Good Guys and Bad Guys -- 1.3 Terminology -- 1.4 Selected Classic Crypto Topics -- 1.4.1 Transposition Ciphers -- 1.4.2 Substitution Ciphers -- 1.4.3 One-Time Pad -- 1.4.4 Codebook Ciphers -- 1.5 Summary -- 1.6 Problems -- 2. World War II Ciphers -- 2.1 Introduction -- 2.2 Enigma -- 2.2.1 Enigma Cipher Machine -- 2.2.2 Enigma Keyspace -- 2.2.3 Rotors -- 2.2.4 Enigma Attack -- 2.2.5 More Secure Enigma -- 2.3 Purple -- 2.3.1 Purple Cipher Machine -- 2.3.2 Purple Keyspace -- 2.3.3 Purple Diagnosis -- 2.3.4 Decrypting Purple -- 2.3.5 Purple versus Enigma -- 2.4 Sigaba -- 2.4.1 Sigaba Cipher Machine -- 2.4.2 Sigaba Keyspace -- 2.4.3 Sigaba Attack -- 2.4.4 Sigaba Conclusion -- 2.5 Summary -- 2.6 Problems -- 3. Stream Ciphers -- 3.1 Introduction -- 3.2 Shift Registers -- 3.2.1 Berlekamp-Massey Algorithm -- 3.2.2 Cryptographically Strong Sequences -- 3.2.3 Shift Register-Based Stream Ciphers -- 3.2.4 Correlation Attack -- 3.3 ORYX -- 3.3.1 ORYX Cipher -- 3.3.2 ORYX Attack -- 3.3.3 Secure ORYX -- 3.4 RC4 -- 3.4.1 RC4 Algorithm -- 3.4.2 RC4 Attack -- 3.4.3 Preventing the RC4 Attack -- 3.5 PKZIP -- 3.5.1 PKZIP Cipher -- 3.5.2 PKZIP Attack -- 3.5.3 Improved PKZIP -- 3.6 Summary -- 3.7 Problems -- 4. Block Ciphers -- 4.1 Introduction -- 4.2 Block Cipher Modes -- 4.3 Feistel Cipher -- 4.4 Hellman's Time-Memory Trade-Off -- 4.4.1 Cryptanalytic TMTO -- 4.4.2 Bad Chains -- 4.4.3 Success Probability -- 4.4.4 Distributed TMTO -- 4.4.5 TMTO Conclusions -- 4.5 CMEA -- 4.5.1 CMEA Cipher -- 4.5.2 SCMEA Cipher -- 4.5.3 SCMEA {\textless}st1:place w:st={\dq}on{\dq}{\textgreater}Chosen{\textless}/st1:place{\textgreater} Plaintext Attack -- 4.5.4 CMEA {\textless}st1:place w:st={\dq}on{\dq}{\textgreater}Chosen{\textless}/st1:place{\textgreater} Plaintext Attack -- 4.5.5 SCMEA Known Plaintext Attack -- 4.5.6 CMEA Known Plaintext Attack -- 4.5.7 More Secure CMEA -- 4.6 Akelarre -- 4.6.1 Akelarre Cipher



The book is designed to be accessible to motivated IT professionals who want to learn more about the specific attacks covered. In particular, every effort has been made to keep the chapters independent, so if someone is interested in has function cryptanalysis or RSA timing attacks, they do not necessarily need to study all of the previous material in the text. This would be particularly valuable to working professionals who might want to use the book as a way to quickly gain some depth on one specific topic},
 author = {Stamp, Mark and Low, Richard M.},
 year = {2007},
 title = {Applied cryptanalysis: Breaking ciphers in the real world},
 address = {Hoboken, New Jersey},
 edition = {1st edition},
 publisher = {{Wiley-Interscience a John Wiley {\&} Sons Inc.}},
 isbn = {978-0-470-1-1486-5}
}


@article{Zhang.2014,
 author = {Zhang, Benny Y. and Gong, Guang},
 year = {2014},
 title = {Randomness properties of stream ciphers for wireless communications},
 urldate = {05-05-2022},
 pages = {107--109},
 journal = {The Sixth International Workshop on Signal Design and Its Applications in Communications},
 doi = {10.1109/IWSDA.2013.6849074}
}


