@incollection{vonNeumann1951,
title     = {Various Techniques Used in Connection with Random Digits},
author    = {von Neumann, John},
booktitle = {Monte Carlo Method},
editor    = {Householder, A.~S. and Forsythe, G.~E. and Germond, H.~H.},
series    = {National Bureau of Standards Applied Mathematics Series},
volume    = {12},
chapter   = {13},
pages     = {36--38},
year      = {1951},
publisher = {US Government Printing Office},
address   = {Washington, DC},
}