@article{Robshaw.1995,
  title={Stream ciphers},
  author={Robshaw, Matthew JB},
  journal={RSA Labratories},
  volume={25},
  year={1995},
  publisher={Citeseer},
  url = {http://www.networkdls.com/Articles/tr-701.pdf},
  urldate = {2022-04-29}
}
@inproceedings{coppersmith1993shrinking,
  title={The shrinking generator},
  author={Coppersmith, Don and Krawczyk, Hugo and Mansour, Yishay},
  booktitle={Annual International Cryptology Conference},
  pages={22--39},
  year={1993},
  organization={Springer}
}