% This file was created with Citavi 5.7.1.0

@book{.,
 title = {EBOOK PACKAGE Engineering, Computer Sciences 2018 : EBOOK PACKAGE COMPLETE 2018},
 keywords = {Sammelwerk},
 address = {Berlin and Boston},
 publisher = {{De Gruyter}},
 isbn = {9783110603255},
 series = {De Gruyter Studium}
}


@proceedings{.2019,
 year = {2019},
 publisher = {{AIP Publishing}},
 series = {AIP Conference Proceedings}
}


@book{Beth.1985,
 year = {1985},
 title = {Advances in Cryptology},
 address = {Berlin, Heidelberg},
 publisher = {{Springer Berlin Heidelberg}},
 isbn = {978-3-540-16076-2},
 series = {Lecture Notes in Computer Science},
 editor = {Beth, Thomas and Cot, Norbert and Ingemarsson, Ingemar},
 doi = {10.1007/3-540-39757-4}
}


@incollection{Beth.1985b,
 author = {Beth, T. and Piper, F. C.},
 title = {The Stop-and-Go-Generator},
 pages = {88--92},
 volume = {209},
 publisher = {{Springer Berlin Heidelberg}},
 isbn = {978-3-540-16076-2},
 series = {Lecture Notes in Computer Science},
 editor = {Beth, Thomas and Cot, Norbert and Ingemarsson, Ingemar},
 booktitle = {Advances in Cryptology},
 year = {1985},
 address = {Berlin, Heidelberg},
 doi = {10.1007/3-540-39757-4{\textunderscore }9}
}


@book{Cusick.2009,
 abstract = {Boolean functions are the building blocks of symmetric cryptographic systems. Symmetrical cryptographic algorithms are fundamental tools in the design of all types of digital security systems (i.e. communications, financial and e-commerce).  Cryptographic Boolean Functions and Applications is a concise reference that shows how Boolean functions are used in cryptography. Currently, practitioners who need to apply Boolean functions in the design of cryptographic algorithms and protocols need to patch together needed information from a variety of resources (books, journal articles and other sources). This book compiles the key essential information in one easy to use, step-by-step reference.      Beginning with the basics of the necessary theory the book goes on to examine more technical topics, some of which are at the frontier of current research.  -Serves as a complete resource for the successful design or implementation of cryptographic algorithms or protocols using Boolean functions  -Provides engineers and scientists with a needed reference for the use of Boolean functions in cryptography  -Addresses the issues of cryptographic Boolean functions theory and applications in one concentrated resource.  -Organized logically to help the reader easily understand the topic



Boolean functions are the building blocks of symmetric cryptographic systems. Symmetrical cryptographic algorithms are fundamental tools in the design of all types of digital security systems (i.e. communications, financial and e-commerce). Cryptographic Boolean Functions and Applications is a concise reference that shows how Boolean functions are used in cryptography. Currently, practitioners who need to apply Boolean functions in the design of cryptographic algorithms and protocols need to patch together needed information from a variety of resources (books, journal articles and other sources). This book compiles the key essential information in one easy to use, step-by-step reference. Beginning with the basics of the necessary theory the book goes on to examine more technical topics, some of which are at the frontier of current research.-Serves as a complete resource for the successful design or implementation of cryptographic algorithms or protocols using Boolean functions -Provides engineers and scientists with a needed reference for the use of Boolean functions in cryptography -Addresses the issues of cryptographic Boolean functions theory and applications in one concentrated resource.-Organized logically to help the reader easily understand the topic},
 author = {Cusick, Thomas W. and Stănică, Pantelimon},
 year = {2009},
 title = {Cryptographic Boolean functions and applications},
 url = {http://site.ebrary.com/lib/alltitles/docDetail.action?docID=10286068},
 address = {Amsterdam and Boston},
 edition = {1st ed.},
 publisher = {{Academic Press/Elsevier}},
 isbn = {978-0-08-095222-2},
 institution = {{ScienceDirect (Online service)}}
}


@incollection{Eckert.IT,
 author = {Eckert, Claudia},
 title = {IT-Sicherheit: Konzepte - Verfahren - Protokolle},
 publisher = {{De Gruyter}},
 isbn = {9783110603255},
 series = {De Gruyter Studium},
 booktitle = {EBOOK PACKAGE Engineering, Computer Sciences 2018 : EBOOK PACKAGE COMPLETE 2018},
 address = {Berlin and Boston},
 doi = {10.1515/9783110563900}
}


@inproceedings{Handayani.2019,
 author = {Handayani, F. and Adiati, N. P. R.},
 title = {Analysis of Geffe Generator LFSR properties on the application of algebraic attack},
 pages = {020029},
 publisher = {{AIP Publishing}},
 series = {AIP Conference Proceedings},
 year = {2019},
 doi = {10.1063/1.5132456}
}


@book{Klein.2013,
 author = {Klein, Andreas},
 year = {2013},
 title = {Stream ciphers},
 address = {London},
 publisher = {Springer},
 isbn = {9781447150787}
}


@article{Massey.1969,
 author = {Massey, J.},
 year = {1969},
 title = {Shift-register synthesis and BCH decoding},
 pages = {122--127},
 volume = {15},
 number = {1},
 issn = {0018-9448},
 journal = {IEEE Transactions on Information Theory},
 doi = {10.1109/TIT.1969.1054260}
}


@article{Meier.1992,
 author = {Meier, Willi and Staffelbach, Othmar},
 year = {1992},
 title = {Correlation properties of combiners with memory in stream ciphers},
 pages = {67--86},
 volume = {5},
 number = {1},
 issn = {0933-2790},
 journal = {Journal of Cryptology},
 doi = {10.1007/BF00191322}
}


@misc{Pommerening.2000,
 author = {Pommerening, Klaus},
 year = {2000},
 title = {Cryptology Part IV: Bitstream Ciphers},
 url = {https://www.staff.uni-mainz.de/pommeren/Cryptology/Bitstream/},
 urldate = {2022-05-13}
}


@article{Pommerening.2015,
 author = {Pommerening, Klaus},
 year = {2015},
 title = {Cryptanalysis of nonlinear feedback shift registers},
 urldate = {2022-05-13},
 pages = {303--315},
 volume = {40},
 number = {4},
 issn = {0161-1194},
 journal = {Cryptologia},
 doi = {10.1080/01611194.2015.1055385}
}


@book{Rueppel.1986,
 author = {Rueppel, Rainer A.},
 year = {1986},
 title = {Analysis and Design of Stream Ciphers},
 url = {https://ebookcentral.proquest.com/lib/gbv/detail.action?docID=3096227},
 address = {Berlin and Heidelberg},
 publisher = {Springer},
 isbn = {978-3-642-82865-2},
 series = {Communications and Control Engineering Series},
 doi = {10.1007/978-3-642-82865-2}
}


@incollection{Rueppel.1986b,
 author = {Rueppel, Rainer A.},
 title = {Correlation Immunity and the Summation Generator},
 url = {https://link.springer.com/content/pdf/10.1007/3-540-39799-X_20.pdf},
 urldate = {2022-05-15},
 pages = {260--272},
 volume = {218},
 publisher = {{Springer Berlin Heidelberg}},
 isbn = {978-3-540-16463-0},
 series = {Lecture Notes in Computer Science},
 editor = {Williams, Hugh C.},
 booktitle = {Advances in Cryptology --- CRYPTO '85 Proceedings},
 year = {1986},
 address = {Berlin, Heidelberg},
 doi = {10.1007/3-540-39799-X{\textunderscore }20}
}


@article{Siegenthaler.1984,
 author = {Siegenthaler, T.},
 year = {1984},
 title = {Correlation-immunity of nonlinear combining functions for cryptographic applications (Corresp.)},
 pages = {776--780},
 volume = {30},
 number = {5},
 issn = {0018-9448},
 journal = {IEEE Transactions on Information Theory},
 doi = {10.1109/TIT.1984.1056949}
}


@book{Smart.2016,
 author = {Smart, Nigel P.},
 year = {2016},
 title = {Cryptography made simple},
 price = {(eBook)},
 address = {Cham and Heidelberg and New York and Dordrecht and London},
 publisher = {Springer},
 isbn = {3319219359},
 series = {Information security and cryptography}
}


@book{Stamp.2007,
 abstract = {4.6.2 Akelarre Attack -- 4.6.3 Improved Akelarre? -- 4.7 FEAL -- 4.7.1 FEAL-4 Cipher -- 4.7.2 FEAL-4 Differential Attack -- 4.7.3 FEAL-4 Linear Attack -- 4.7.4 Confusion and Diffusion -- 4.8 Summary -- 4.9 Problems -- 5. Hash Functions -- 5.1 Introduction -- 5.2 Birthdays and Hashing -- 5.2.1 The Birthday Problem -- 5.2.2 Birthday Attacks on Hash Functions -- 5.2.3 Digital Signature Birthday Attack -- 5.2.4 Nostradamus Attack -- 5.3 MD4 -- 5.3.1 MD4 Algorithm -- 5.3.2 MD4 Attack -- 5.3.3 A Meaningful Collision -- 5.4 MD5 -- 5.4.1 MD5 Algorithm -- 5.4.2 A Precise Differential -- 5.4.3 Outline of Wang?s Attack -- 5.4.4 Wang's MD5 Differentials -- 5.4.5 Reverse Engineering Wang's Attack -- 5.4.6 Stevens' Attack -- 5.4.7 A Practical Attack -- 5.5 Summary -- 5.6 Problems -- 6. Public Key Systems -- 6.1 Introduction -- 6.2 Merkle-Hellman Knapsack -- 6.2.1 Lattice-Reduction Attack -- 6.2.2 Knapsack Conclusion -- 6.3 Diffie-Hellman Key Exchange -- 6.3.1 Man-in-the-Middle Attack -- 6.3.2 Diffie-Hellman Conclusion -- 6.4 Arithmetica Key Exchange -- 6.4.1 Hughes-Tannenbaum Length Attack -- 6.4.2 Arithmetica Conclusion -- 6.5 RSA -- 6.5.1 Mathematical Issues -- 6.5.2 RSA Conclusion -- 6.6 Rabin Cipher -- 6.6.1 Chosen Ciphertext Attack -- 6.6.2 Rabin Cryptosystem Conclusion -- 6.7 NTRU Cipher -- 6.7.1 Meet-in-the-Middle Attack -- 6.7.2 Multiple Transmission Attack -- 6.7.3 Chosen Ciphertext Attack -- 6.7.4 NTRU Conclusion -- 6.8 ElGamal Signature Scheme -- 6.8.1 Mathematical Issues -- 6.8.2 ElGamal Signature Conclusion -- 6.9 Summary -- 6.10 Problems -- 7. Public Key Attacks -- 7.1 Introduction -- 7.2 Factoring Algorithms -- 7.2.1 Trial Division -- 7.2.2 {\textless}st1:City w:st={\dq}on{\dq}{\textgreater}{\textless}st1:place w:st={\dq}on{\dq}{\textgreater}Dixon{\textless}/st1:place{\textgreater}{\textless}/st1:City{\textgreater}'s Algorithm -- 7.2.3 Quadratic Sieve -- 7.2.4 Factoring Conclusions -- 7.3 Discrete Log Algorithms -- 7.3.1 Trial Multiplication -- 7.3.2 Baby-Step Giant-Step -- 7.3.3 Index Calculus



7.3.4 Discrete Log Conclusions -- 7.4 RSA Implementation Attacks -- 7.4.1 Timing Attacks -- 7.4.2 Glitching Attack -- 7.4.3 Implementation Attacks Conclusions -- 7.5 Summary -- 7.6 Problems -- Appendix -- A-1 MD5 Tables -- A-2 Math -- A-2.1 Number Theory -- A-2.2 Group Theory -- A-2.3 Ring Theory -- A-2.4 Linear Algebra -- Annotated Bibliography -- Index



Preface -- About The Authors -- Acknowledgments -- 1. Classic Ciphers -- 1.1 Introduction -- 1.2 Good Guys and Bad Guys -- 1.3 Terminology -- 1.4 Selected Classic Crypto Topics -- 1.4.1 Transposition Ciphers -- 1.4.2 Substitution Ciphers -- 1.4.3 One-Time Pad -- 1.4.4 Codebook Ciphers -- 1.5 Summary -- 1.6 Problems -- 2. World War II Ciphers -- 2.1 Introduction -- 2.2 Enigma -- 2.2.1 Enigma Cipher Machine -- 2.2.2 Enigma Keyspace -- 2.2.3 Rotors -- 2.2.4 Enigma Attack -- 2.2.5 More Secure Enigma -- 2.3 Purple -- 2.3.1 Purple Cipher Machine -- 2.3.2 Purple Keyspace -- 2.3.3 Purple Diagnosis -- 2.3.4 Decrypting Purple -- 2.3.5 Purple versus Enigma -- 2.4 Sigaba -- 2.4.1 Sigaba Cipher Machine -- 2.4.2 Sigaba Keyspace -- 2.4.3 Sigaba Attack -- 2.4.4 Sigaba Conclusion -- 2.5 Summary -- 2.6 Problems -- 3. Stream Ciphers -- 3.1 Introduction -- 3.2 Shift Registers -- 3.2.1 Berlekamp-Massey Algorithm -- 3.2.2 Cryptographically Strong Sequences -- 3.2.3 Shift Register-Based Stream Ciphers -- 3.2.4 Correlation Attack -- 3.3 ORYX -- 3.3.1 ORYX Cipher -- 3.3.2 ORYX Attack -- 3.3.3 Secure ORYX -- 3.4 RC4 -- 3.4.1 RC4 Algorithm -- 3.4.2 RC4 Attack -- 3.4.3 Preventing the RC4 Attack -- 3.5 PKZIP -- 3.5.1 PKZIP Cipher -- 3.5.2 PKZIP Attack -- 3.5.3 Improved PKZIP -- 3.6 Summary -- 3.7 Problems -- 4. Block Ciphers -- 4.1 Introduction -- 4.2 Block Cipher Modes -- 4.3 Feistel Cipher -- 4.4 Hellman's Time-Memory Trade-Off -- 4.4.1 Cryptanalytic TMTO -- 4.4.2 Bad Chains -- 4.4.3 Success Probability -- 4.4.4 Distributed TMTO -- 4.4.5 TMTO Conclusions -- 4.5 CMEA -- 4.5.1 CMEA Cipher -- 4.5.2 SCMEA Cipher -- 4.5.3 SCMEA {\textless}st1:place w:st={\dq}on{\dq}{\textgreater}Chosen{\textless}/st1:place{\textgreater} Plaintext Attack -- 4.5.4 CMEA {\textless}st1:place w:st={\dq}on{\dq}{\textgreater}Chosen{\textless}/st1:place{\textgreater} Plaintext Attack -- 4.5.5 SCMEA Known Plaintext Attack -- 4.5.6 CMEA Known Plaintext Attack -- 4.5.7 More Secure CMEA -- 4.6 Akelarre -- 4.6.1 Akelarre Cipher



The book is designed to be accessible to motivated IT professionals who want to learn more about the specific attacks covered. In particular, every effort has been made to keep the chapters independent, so if someone is interested in has function cryptanalysis or RSA timing attacks, they do not necessarily need to study all of the previous material in the text. This would be particularly valuable to working professionals who might want to use the book as a way to quickly gain some depth on one specific topic},
 author = {Stamp, Mark and Low, Richard M.},
 year = {2007},
 title = {Applied cryptanalysis: Breaking ciphers in the real world},
 price = {pbk},
 address = {Hoboken, New Jersey},
 publisher = {{Wiley-Interscience a John Wiley {\&} Sons Inc publication}},
 isbn = {978-0470114865},
 institution = {{IEEE Xplore (Online service)}}
}


@book{Williams.1986,
 year = {1986},
 title = {Advances in Cryptology --- CRYPTO '85 Proceedings},
 address = {Berlin, Heidelberg},
 publisher = {{Springer Berlin Heidelberg}},
 isbn = {978-3-540-16463-0},
 series = {Lecture Notes in Computer Science},
 editor = {Williams, Hugh C.},
 doi = {10.1007/3-540-39799-X}
}


@phdthesis{Wu.2008,
 author = {Wu, Hongjun},
 year = {2008},
 title = {Cryptanalysis and Design of Stream Ciphers},
 url = {https://www.esat.kuleuven.be/cosic/publications/thesis-167.pdf},
 urldate = {2022-04-25},
 publisher = {KATHOLIEKE UNIVERSITEIT LEUVEN}
}


