% This file was created with Citavi 5.7.1.0

@book{Smart.2016,
 author = {Smart, Nigel P.},
 year = {2016},
 title = {Cryptography made simple},
 price = {(eBook)},
 keywords = {general},
 address = {Cham and Heidelberg and New York and Dordrecht and London},
 publisher = {Springer},
 isbn = {3319219359},
 series = {Information security and cryptography}
}


